@book{pyqt5,
  title={Create GUI Applications with Python \& Qt5 (PyQt5 Edition): The hands-on guide to making apps with Python},
  author={Fitzpatrick, M.},
  year={2020},
  publisher={Martin Fitzpatrick}
}